@Book{xie2015,
  
	title = {Dynamic Documents with {R} and knitr},
  
	author = {Yihui Xie},
  
	publisher = {Chapman and Hall/CRC},
  
	address = {Boca Raton, Florida},
  
	year = {2015},
  edition = {2nd},
  
	note = {ISBN 978-1498716963},
  
	url = {http://yihui.name/knitr/},

}
@Manual{R-cowplot,
  
	title = {cowplot: Streamlined Plot Theme and Plot Annotations for 'ggplot2'},
  
	author = {Claus O. Wilke},
  
	year = {2017},
  
	note = {R package version 0.9.2},
  
	url = {https://CRAN.R-project.org/package=cowplot},

}
@Manual{R-ggpirate,
  
	title = {ggpirate: Pirate plotting for ggplot2},
  
	author = {Mika Braginsky},
  
	note = {R package version 0.1.0},
  
	url = {https://github.com/mikabr/ggpirate},

	year = {2017},

}
@Manual{R-tidyverse,
    title = {tidyverse: Easily Install and Load the 'Tidyverse'},
    author = {Hadley Wickham},
    year = {2017},
    note = {R package version 1.2.1},
    url = {https://CRAN.R-project.org/package=tidyverse},
  }
@Manual{R-dplyr,
    title = {dplyr: A Grammar of Data Manipulation},
    author = {Hadley Wickham and Romain Francois and Lionel Henry and Kirill Müller},
    year = {2017},
    note = {R package version 0.7.4},
    url = {https://CRAN.R-project.org/package=dplyr},
  }
@Manual{R-tidyr,
    title = {tidyr: Easily Tidy Data with 'spread()' and 'gather()' Functions},
    author = {Hadley Wickham and Lionel Henry},
    year = {2018},
    note = {R package version 0.8.0},
    url = {https://CRAN.R-project.org/package=tidyr},
  }
@Book{R-ggplot2,
    author = {Hadley Wickham},
    title = {ggplot2: Elegant Graphics for Data Analysis},
    publisher = {Springer-Verlag New York},
    year = {2009},
    isbn = {978-0-387-98140-6},
    url = {http://ggplot2.org},
  }
@Manual{R-languageR,
    title = {languageR: Data sets and functions with "Analyzing Linguistic Data: A
practical introduction to statistics".},
    author = {R. H. Baayen},
    year = {2013},
    note = {R package version 1.4.1},
    url = {https://CRAN.R-project.org/package=languageR},
  }
@Article{R-lubridate,
    title = {Dates and Times Made Easy with {lubridate}},
    author = {Garrett Grolemund and Hadley Wickham},
    journal = {Journal of Statistical Software},
    year = {2011},
    volume = {40},
    number = {3},
    pages = {1--25},
    url = {http://www.jstatsoft.org/v40/i03/},
  }
@Manual{R-readr,
    title = {readr: Read Rectangular Text Data},
    author = {Hadley Wickham and Jim Hester and Romain Francois},
    year = {2017},
    note = {R package version 1.1.1},
    url = {https://CRAN.R-project.org/package=readr},
  }
@book{field2012discovering,
  title = {Discovering statistics using R},
  author = {Field, Andy and Miles, Jeremy and Field, Zo{\"e}},
  year = {2012},
  publisher = {Sage publications}
}